@article{1,
	title={الخـط العــربـي عنصـرا كتابيـا وزخرفيـا},
	author={إسماعيل محمود أحمد},
	journal={Journal of Surra Man Raa},
	volume={6},
	number={22},
	year={2010},
	publisher={University of Samarra}
}