@manual{biblatex,
title = {The {Bib\LaTeX} package},
subtitle = {Sophisticated Bibliographies in LaTeX},
author = {Philip Kime and Moritz Wemheuer and
Philipp Lehman},
url = {https://github.com/plk/biblatex},
urldate = {2020-06-25},
date = {2019-12-01},
version = {3.14}
}

@online{BitouzeWeb,
Author = {Bitouzé, Denis},
 title        = {Site web},
date         = {2020},
url          = {http://gte.univ-littoral.fr/members/dbitouze/pub},
}

@manual{yathesis,
title = {yathesis – A LaTeX class for writing a thesis following French rules},
author = {Bitouzé,Denis},
url = {https://www.ctan.org/pkg/yathesis},
date = {2021-02-05},
version = {1.0.5}
}

@manual{gazette,
title = {gzt – Bundle of classes for La Gazette des Mathématiciens},
author = {Bitouzé,Denis},
url = {https://www.ctan.org/pkg/gzt},
date = {2021-02-14},
version = {1.0.1}
}
