%%%%%%%%%%%%%%%%%%%%Bibliographie TIPA%%%%%%%%%%%%%%%%%%%%

@Book{pullum1986,
		author		=		{Pullum, Geoffrey K. and Ladusaw, William A.},
		title			=		{{Phonetic Symbol Guide}},
		publisher	=		{Universit{\"a}t der Chicago Press},
		edition		=		{1},
		year			=		{1986},}
		
@Article{ipa1989,
		author		=		{IPA},
		title			=		{{Bericht auf der Kieler Versammlung 1989}},
		journal		=		{Journal of the International Phonetic Association},
		volume		=		{2},
		number		=		{19},
		pages			=		{67--80},
		year			=		{1989},}
		
@Article{ipa1990,
		author		=		{IPA},
		title			=		{{Ein weiterer Bericht auf der Kieler Versammlung 1990}},
		journal		=		{Journal of the International Phonetic Association},
		volume		=		{2},
		number		=		{20},
		pages			=		{22--24},
		year			=		{1990},}
		
@Article{esling1993,
		author		=		{Esling, John H. and Gaylord, Harry},
		title			=		{{Computer-Codes f{\"u}r Phonetische Zeichen}},
		journal		=   {Journal of the International Phonetic Association},
		volume		=		{2},
		number		=		{23},
		pages			=		{83--97},
		year			=		{1993},}
		

@Article{ipa1993,
		author		=		{IPA},
		title     =		{{Aktionen der Ratsversammlung bei der IPA-{\"U}berarbeitung}},
		journal		= 	{Journal of the International Phonetic Association},
		volume		=		{1},
		number		=		{23},
		pages			=		{32--34},
		year			=		{1993},}
		
@Inproceedings{wells1995,
		author		=		{Wells, John C.},
		booktitle	=		{{Computer-coding the IPA: a proposed extension of SAMPA.}}, 
		title     =		{{{\"U}berpr{\"u}fter Entwurf 1995}},
		volume		= 	{4},
		series		=		{28},
		year			=		{1995},}
		
@Book{pullum1996,
		author		=		{Pullum, Geoffrey K. and Ladusaw, William A.},
		title			=		{{Phonetic Symbol Guide}},
		publisher	=		{Universit{\"a}t der Chicago Press},
		edition		=		{1},
		year			=		{1996},}
		
@Article{ipa1995,
		author		=		{IPA},
		title     =		{{Vorschau auf das IPA-Handbuch}},
		journal		= 	{Journal of the International Phonetic Association},
		volume		=		{1},
		number		=		{25},
		pages			=		{1--48},
		year			=		{1995},}
		
@Book{ipa1999,
		author		=		{IPA},
		title			=		{{Handbook of the International Phonetic Association}},
		publisher =		{Cambridge University Press},
		year			=		{1999},}
		
@Article{chao1933,
		author		=		{Chao, Yuen-Ren},
		title			=		{{Ein System von Tonzeichen}},
		journal		=		{Le Maître Phonétique},
		number    =   {30},
		pages			=		{24--27},
		year			=		{1933},}
		
@Booklet{ball1994,
		author		=		{Ball, Martin J. and Esling, John and Dickson, Craig},
		title			=		{{VoQS: Voice Quality Symbols. {\"U}berpr{\"u}ft 1994}},
		year			=		{1994},}
		
@Book{beach1938,
		author		=		{Beach, D. M.},
		title			=		{{The Phonetics of the Hottentot Language}},
		address		=		{Cambridge},
		publisher	=		{Heffner},
		year			=		{1983},}
		
@Booklet{icpla1994,
		author		=		{ICPLA},
		title			=		{{ExtIPA Symbols for Disordered Speech. {\"U}berpr{\"u}ft 1994}},
		year			=		{1994},}
		
@Jurthesis{ipa1949,
		author		=		{IPA},
		title			=		{{The Principles of the International Phonetic Association}},
		school		=		{Univers{\"a}ts-College},
		address		=		{London},
		year			=		{1949},}
		
@Incollection{jones1973,
		author		=		{Jones, Daniel},
		title			=		{{Der Terminus ,,Phonem''}},
		booktitle	=		{{Phonetics in Linguistics: A Book of Reading}},
		editor		=		{Jones, W. E. and Laver J.},
		pages			= 	{187--204},
		address		=		{London},
		publisher	=		{Longman},
		year			=		{1973},}
		
@Book{karlgren1915,
		author		=		{Karlgren, Bernhard},
		title			=		{{Étude sur la phonologie chinoise}},
		publisher	=		{Leyde, Stockholm und Gotembourg},
		year			=		{1915--1926},}
		
@Booklet{trager1964,
		author		=		{Trager, Georg L.},
		title			=		{{Phonetics: Glossary and Tables}},
		shorttitle =	{Studien in Linguistik: Zeitschrift 6},
		address		=		{Buffalo, N.Y.},
		year			=		{1964},}
		
				