@book{fi,
  title = {{Formatting Information}},
  subtitle = {{Online {and} {PDF}}},
  author = {Peter Flynn},
  publisher = {Silmaril},
  address = {Cork, Ireland},
  url = {http://latex.silmaril.ie/},
  year = {2018}}

@InProceedings{adams,
  author =       {Paul Adams},
  title =        {{Linguistic Chaos in Montreal}},
  booktitle =    {{Chaos and the City miniconference}},
  year =         2002,
  month =        {11},
  url =          {http://www.utexas.edu/depts/grg/adams/chaos.ppt},
  organization = {University of Texas School of Architecture}}

@Manual{bibtex,
  title =        {{BIB\TeX ing}},
  author =       {Oren Patashnik},
  organization = {\TeX\ Users Group},
  address =      {Portland, RI},
  url = {http://ftp.heanet.ie/pub/CTAN/tex/biblio/bibtex/base/btxdoc.pdf},
  year =         1988}

@Manual{sherington,
  author =       {Sherington, J},
  title =        {{Informative Presentation of Graphs and Statistics}},
  organization = {Statistical Services Centre, University of Reading},
  year =         1998,
  url =          {http://www.reading.ac.uk/ssc/publications/guides/toptgs.htm},
  note =         {4.2, example table}
}

@TechReport{rfc2119,
  author =   {Scott Bradner},
  title =   {{Key words for use in RFCs to Indicate Requirement Levels}},
  institution =  {Internet Engineering Task Force},
  year =   1997,
  number =   {RFC 2119},
  address =   {Fremont, CA},
  url =   {http://www.ietf.org/rfc/rfc2119.txt},
  month =   {3}
}


