# thesis.bib
@misc{ WC:2017,
  author = {Wikipedia},
  title = {\TeX{}---Wikipedia{,} The Free Encyclopedia},
  note = {\url{https://en.wikipedia.org/wiki/TeX},
  last referenced 24-June-2017}
}