
â€Œ
@misc{whatever,
AUTHOR = "{\noopsort{1}}{Madadpour},Ahmad ",
quotation={1},
year = {2001},
chapter={5},
title = {Testing the effects of bibtex styles on bibliography formatting},
 murl = {http://www.w3.org/TR/prov-o/},
doi   = {01.1000/doi-0121},
madadurltest={1},
key={665},
}
@misc{B02f,
 howpublished = {How it was published},
AUTHOR = "{\noopsort{2}}{Madadpour},Shapour and Madadpour , Mohamadhosain and Madadpour ,Mitra  ",
	year = {2002},
quotation={1},
	title = {First},
pages={13--17},
madadurltest={1},
mlabel = {$\checkmark^+$},
 murl = {http://www.w3.org/TR/prov-o/},
chapter={5},
}


@article{aliabad2004rings,
  title={reference test-Rings of continuous functions vanishing at infinity},
AUTHOR = "{\noopsort{3}}{Madadpour},Alireza ",
  journal={Commentationes Mathematicae Universitatis Carolinae},
  volume={45},
  pages={519--533},
quotation={1},
  year={2004},
murl = {http://www.w3.org/TR/prov-o/},
madadurltest={1},
  publisher={Charles University in Prague, Faculty of Mathematics and Physics},
}
@article{ali,
  title={reference test-Pasting topological spaces at one point},
AUTHOR = "{\noopsort{4}}{Madadpour},Mahmood ",
  journal={Czechoslovak Mathematical Journal},
  volume={56},
  number={4},
  pages={1193--1206},
quotation={1},
  year={2006},
  publisher={Springer},
url = {http://www.w3.org/TR/prov-o/},
}


@book{kuznetsov1998elements,
   title={reference test-Elements of applied bifurcation theory},
   volume={112},
madadurltest={1},
   year={1998},
edition ={third},
publisher={Springer Verlag},
murl = {http://www.w3.org/TR/prov-o/},
isbn = {123456789000},
number = {10},
pages = {10--19},
series = {second series},
chapter={5},
AUTHOR = "{\noopsort{5}}{Madadpour},Behrooz ",
address      = {The address of the publisher},
}

