
‌
@misc{whatever,
AUTHOR = "{\noopsort{2}}{Madadpour},Ahmad ",
quotation={1},
year = {2001},
chapter={5},
title = {Testing the effects of bibtex styles on bibliography formatting},
 murl = {http://www.w3.org/TR/prov-o/},
doi   = {01.1000/doi-0121},
madadurltest={1},
key={665},
}
@misc{B02f,
 howpublished = {How it was published},
AUTHOR = "{\noopsort{4}}{Madadpour},Shapour  ",
	year = {2002},
quotation={1},
	title = {First},
pages={13--17},
madadurltest={1},
mlabel = {$\checkmark^+$},
 murl = {http://www.w3.org/TR/prov-o/},
chapter={5},
}


@article{aliabad2004rings,
  title={reference test-Rings of continuous functions vanishing at infinity},
AUTHOR = "{\noopsort{6}}{Madadpour},Alireza ",
  journal={Commentationes Mathematicae Universitatis Carolinae},
  volume={45},
  pages={519--533},
quotation={1},
  year={2004},
murl = {http://www.w3.org/TR/prov-o/},
madadurltest={1},
  publisher={Charles University in Prague, Faculty of Mathematics and Physics},
}
@article{ali,
  title={reference test-Pasting topological spaces at one point},
AUTHOR = "{\noopsort{8}}{Madadpour},Mahmood ",
  journal={Czechoslovak Mathematical Journal},
  volume={56},
  number={4},
  pages={1193--1206},
quotation={1},
  year={2006},
  publisher={Springer},
url = {http://www.w3.org/TR/prov-o/},
}


@article{Amintoosi87afzayesh,
TITLE =        {افزایش وضوح ناحیه‌ای},
BOOKTITLE =    {چهاردهمین کنفرانس ملی سالانه انجمن کامپیوتر ایران},
author={{\noopsort{1}}{امین‌طوسی},محمود and مزینی ,ناصر  and سایرین},
YEAR =         {1387},
ORGANIZATION = {دانشگاه امیرکبیر},
ADDRESS =      {تهران، ایران},
 journal = {نام مجله‌ی چاپ‌کننده},
month =          {اسفند},
doi   = {01.1000/doi-0121},
edition ={ششم},
editor={امین‌طوسی,محمود and مزینی ,ناصر  and سایرین},
volume={45},
number={3},
pages = {101--108},
issn = {1111-2222},
madadurltest={1},
chapter={5},
quotation={1},
LANGUAGE =     {Persian},
mlabel = {ا.م$^+$},
slabel = {$\heartsuit$},
 murl = {http://www.w3.org/TR/prov-o/},
}

@inbook{d,
  AUTHOR =  {{\noopsort{3}}{مددپور},شاپور and مددپور, محمدحسین and سایرین},
  mlabel = {مدد$^+$},
  TITLE =  {همریختی و بروریختی در حلقه‌ها},
  JOURNAL =  {مجله‌ی گراف فارس},
  VOLUME =  {1},
  YEAR =  {1395},
  MONTH =  {بهار},
  PAGES =  {39-43},
quotation={1},
  LANGUAGE =   {Persian},
doi   = {01.1000/doi-0121},
isbn = {123456789000},
edition ={دوم},
series = {سری دوم},
number = {10},
chapter={5},
madadurltest={1},
 murl = {http://www.w3.org/TR/prov-o/},
publisher = {انتشارات دل آهنگ},
  note = {یک یادداشت اختیاری در این‌جا می‌توانید وارد کنید},
 address      = {آدرس منتشر کننده},
slabel = {$\bigstar$},
}

@phdthesis{mmm,
title={فضای توپولوژی},
author={{\noopsort{5}}{رضایی علی‌آباد},علی},
journal={Kyungpook mathematical journal},
  pages={1163--1171},
LANGUAGE =     {Persian},
mlabel = {ا.م.ف},
madadurltest={1},
quotation={1},
murl = {http://www.w3.org/TR/prov-o/},
series = {second series},
year = {2002},
url = {http://www.w3.org/TR/prov-o/},
chapter={5},
 school  = {دانشگاه چمران اهواز},
}
@inbook{yu,
  AUTHOR =  {
{\noopsort{7}}{نامداری},مهرداد and کوچک‌پور,عبدعلی},
  mlabel = {ن.ا.م$^+$},
  TITLE =  {مقدمه‌ای بر نظریه‌ی  اصولی مجموعه‌ها},
  VOLUME =  {1},
  YEAR =  {1394},
  MONTH =  {بهار},
  PAGES =  {39-43},
quotation={1},
  LANGUAGE =   {Persian},
doi   = {322/511},
isbn = {978-600-141-173-1},
edition ={دوم},
series = {سری دوم},
number = {100},
chapter={5},
madadurltest={1},
 murl = {http://www.w3.org/TR/prov-o/},
publisher = {انتشارات دانشگاه چمران},
  note = {یک یادداشت اختیاری در این‌جا می‌توانید وارد کنید},
 address      = {آدرس منتشر کننده},
slabel = {4},
}

