

@article{Amintoosi87afzayesh,
TITLE =        {افزایش وضوح ناحیه‌ای},
BOOKTITLE =    {چهاردهمین کنفرانس ملی سالانه انجمن کامپیوتر ایران},
author={امین‌طوسی,محمود and مزینی ,ناصر  and سایرین},
YEAR =         {1387},
ORGANIZATION = {دانشگاه امیرکبیر},
ADDRESS =      {تهران، ایران},
 journal = {نام مجله‌ی چاپ‌کننده},
month =          {اسفند},
doi   = {01.1000/doi-0121},
edition ={ششم},
editor={امین‌طوسی,محمود and مزینی ,ناصر  and سایرین},
volume={45},
number={3},
pages = {101--108},
issn = {1111-2222},
madadurltest={1},
chapter={5},
quotation={1},
LANGUAGE =     {Persian},
mlabel = {ا.م$^+$},
slabel = {3},
 murl = {http://www.w3.org/TR/prov-o/},
}
‌
@misc{whatever,
slabel = {1},
	author = {Author, A.},
quotation={1},
	year = {2001},
chapter={5},
	title = {Testing the effects of biblatex styles on bibliography formatting},
 murl = {http://www.w3.org/TR/prov-o/},
doi   = {01.1000/doi-0121},
madadurltest={1},
key={665},
}


@article{karamzadeh2012prime,
author={Karamzadeh, Omid Ali Shahny},
title={The Prime Avoidance Lemma Revisited},
key ={7},
slabel = {2},
  journal={Kyungpook mathematical journal},
  volume={52},
  number={2},
  pages={149--153},
  year={2012},
  quotation={1},
  publisher={Department of Mathematics, Kyungpook National University}
}
@inbook{d,
  AUTHOR =  {مددپور, شاپور  and مددپور, محمدحسین and سایرین},
  mlabel = {مدد$^+$},
  TITLE =  {همریختی و بروریختی در حلقه‌ها},
  JOURNAL =  {مجله‌ی گراف فارس},
  VOLUME =  {1},
  YEAR =  {1395},
  MONTH =  {بهار},
  PAGES =  {39-43},
quotation={1},
  LANGUAGE =   {Persian},
doi   = {01.1000/doi-0121},
isbn = {123456789000},
edition ={دوم},
series = {سری دوم},
number = {10},
chapter={5},
madadurltest={1},
 murl = {http://www.w3.org/TR/prov-o/},
publisher = {انتشارات دل آهنگ},
  note = {یک یادداشت اختیاری در این‌جا می‌توانید وارد کنید},
 address      = {آدرس منتشر کننده},
slabel = {4},
}




