@inbook{d,
  AUTHOR =  {  مددپور, شاپور  and مددپور, محمدحسین and سایرین},
  mlabel = {مدد$^+$},
  aaa = {1},
  TITLE =  {همریختی و بروریختی در حلقه‌ها},
  JOURNAL =  {مجله‌ی گراف فارس},
  VOLUME =  {1},
  YEAR =  {1395},
  MONTH =  {بهار},
  PAGES =  {39-43},
quotation={1},
  LANGUAGE =   {Persian},
url = {http://www.w3.org/TR/prov-o/},
doi   = {01.1000/doi-0121},
isbn = {123456789000},
edition ={دوم},
series = {سری دوم},
number = {10},
chapter={5},
madadurltest={1},
 murl = {http://www.w3.org/TR/prov-o/},
publisher = {انتشارات دل آهنگ},
  note = {یک یادداشت اختیاری در این‌جا می‌توانید وارد کنید},
 address      = {آدرس منتشر کننده},
}


@book{kuznetsov1998elements,
   title={Elements of applied bifurcation theory},
   volume={112},
madadurltest={1},
   year={1998},
edition ={third},
publisher={Springer Verlag},
murl = {http://www.w3.org/TR/prov-o/},
isbn = {123456789000},
number = {10},
pages = {10--19},
series = {second series},
chapter={5},
issn = {1111-2222},
doi   = {01.1000/doi-0121},
 editor={Kuznetsov, Y.A. and edward, Y.A.},
address      = {The address of the publisher},
}


