

@article{Amintoosi87afzayesh,
TITLE =        {افزایش وضوح ناحیه‌ای},
BOOKTITLE =    {چهاردهمین کنفرانس ملی سالانه انجمن کامپیوتر ایران},
author={امین‌طوسی,محمود and مزینی ,ناصر  and سایرین},
YEAR =         {1387},
ORGANIZATION = {دانشگاه امیرکبیر},
ADDRESS =      {تهران، ایران},
 journal = {نام مجله‌ی چاپ‌کننده},
month =          {اسفند},
doi   = {01.1000/doi-0121},
edition ={ششم},
editor={امین‌طوسی,محمود and مزینی ,ناصر  and سایرین},
volume={45},
number={3},
pages = {101--108},
issn = {1111-2222},
madadurltest={1},
chapter={5},
quotation={1},
LANGUAGE =     {Persian},
mlabel = {ا.م$^+$},
slabel = {دلخواه},
 murl = {http://www.w3.org/TR/prov-o/},
}
‌
@misc{whatever,
slabel = {3},
	author = {Author, A.},
quotation={1},
	year = {2001},
chapter={5},
	title = {Testing the effects of biblatex styles on bibliography formatting},
 murl = {http://www.w3.org/TR/prov-o/},
doi   = {01.1000/doi-0121},
madadurltest={1},
key={665},
}
@misc{B02f,
 howpublished = {How it was published},
	author = {Buthor, B.},
	year = {2002},
quotation={1},
	title = {First},
pages={13--17},
madadurltest={1},
mlabel = {$\checkmark^+$},
 murl = {http://www.w3.org/TR/prov-o/},
chapter={5},
}


@article{aliabad2004rings,
slabel = {1},
  title={Rings of continuous functions vanishing at infinity},
  author={Aliabad, Ali Rezaei and Azarpanah, F and Namdari, M and others},
  journal={Commentationes Mathematicae Universitatis Carolinae},
  volume={45},
  pages={519--533},
quotation={1},
  year={2004},
murl = {http://www.w3.org/TR/prov-o/},
madadurltest={1},
  publisher={Charles University in Prague, Faculty of Mathematics and Physics},
}
@article{ali,
slabel = {2},
  title={Pasting topological spaces at one point},
  author={Aliabad, Ali Rezaei},
  journal={Czechoslovak Mathematical Journal},
  volume={56},
  number={4},
  pages={1193--1206},
quotation={1},
  year={2006},
  publisher={Springer},
url = {http://www.w3.org/TR/prov-o/},
}

@article{karamzadeh2012prime,
author={Karamzadeh, Omid Ali Shahny},
title={The Prime Avoidance Lemma Revisited},
key ={7},
  journal={Kyungpook mathematical journal},
  volume={52},
  number={2},
  pages={149--153},
  year={2012},
  quotation={1},
  publisher={Department of Mathematics, Kyungpook National University}
}
@article{ghafarzadeh2016stem,
  title={Stem cell therapies for congenital heart disease},
  author={Ghafarzadeh, Masoumeh and Namdari, Mehrdad and Eatemadi, Ali. and others},
  journal={Biomedicine \& Pharmacotherapy},
  volume={84},
  pages={1163--1171},
  year={2016},
 number={1},
  publisher={Elsevier},
issn = {1111-2222},

}
@inbook{d,
  AUTHOR =  {مددپور, شاپور  and مددپور, محمدحسین and سایرین},
  mlabel = {مدد$^+$},
  TITLE =  {همریختی و بروریختی در حلقه‌ها},
  JOURNAL =  {مجله‌ی گراف فارس},
  VOLUME =  {1},
  YEAR =  {1395},
  MONTH =  {بهار},
  PAGES =  {39-43},
quotation={1},
  LANGUAGE =   {Persian},
url = {http://www.w3.org/TR/prov-o/},
doi   = {01.1000/doi-0121},
isbn = {123456789000},
edition ={دوم},
series = {سری دوم},
number = {10},
chapter={5},
madadurltest={1},
 murl = {http://www.w3.org/TR/prov-o/},
publisher = {انتشارات دل آهنگ},
  note = {یک یادداشت اختیاری در این‌جا می‌توانید وارد کنید},
 address      = {آدرس منتشر کننده},
}

@book{kuznetsov1998elements,
   title={Elements of applied bifurcation theory},
   volume={112},
madadurltest={1},
   year={1998},
edition ={third},
publisher={Springer Verlag},
murl = {http://www.w3.org/TR/prov-o/},
isbn = {123456789000},
number = {10},
pages = {10--19},
series = {second series},
chapter={5},
 editor={Kuznetsov, Y.A. and edward, Y.A.},
address      = {The address of the publisher},
}

@techreport{rt,
  title={فضای توپولوژی},
  author={رضایی علی‌آباد,علی},
  pages={1163--1171},
madadurltest={1},
LANGUAGE =     {Persian},
mlabel = {ا.م.ف},
 murl = {http://www.w3.org/TR/prov-o/},
series = {second series},
year = {2002},
chapter={5},
}
@mastersthesis{ty,
  title={فضای توپولوژی},
  author={رضایی علی‌آباد,علی},
key ={6},
journal={Kyungpook mathematical journal},
  pages={1163--1171},
madadurltest={1},
LANGUAGE =     {Persian},
mlabel = {ا.م.ف},
 murl = {http://www.w3.org/TR/prov-o/},
series = {second series},
year = {2002},
chapter={5},
note ={یک یادداشت اختیاری},

}
@phdthesis{mmm,
  title={فضای توپولوژی},
  author={رضایی علی‌آباد,علی},
journal={Kyungpook mathematical journal},
  pages={1163--1171},
madadurltest={1},
LANGUAGE =     {Persian},
mlabel = {ا.م.ف},
 murl = {http://www.w3.org/TR/prov-o/},
series = {second series},
year = {2002},
chapter={5},
 school  = {دانشگاه چمران اهواز},
}
@booklet{mgh,
  title={فضای توپولوژی},
  author={رضایی علی‌آباد,علی},
journal={Kyungpook mathematical journal},
  pages={1163--1171},
madadurltest={1},
LANGUAGE =     {Persian},
mlabel = {ا.م.ف},
 murl = {http://www.w3.org/TR/prov-o/},
series = {second series},
year = {2002},
chapter={5},
 howpublished = {چگونگی انتشار},
address      = {آدرس منتشر کننده},
 key={4},
}
