@phdthesis{liang,
author={Liang, Franklin Mark},
title={Word Hy-phen-a-tion by Comp-put-er},
school={Stanford University},
year={1983},
note={\url{https://www.tug.org/docs/liang/liang-thesis.pdf}}
}

@unpublished{krantz,
      title={Language-Agnostic Syllabification with Neural Sequence Labeling}, 
      author={Jacob Krantz and Maxwell Dulin and Paul De Palma},
      year={2019},
      note={arXiv:1909.13362},
}

@book{DEK-A,
author={Knuth, Donald E.},
title={The \TeX book},
publisher ={Addison-Wesley},
year={1984},
}

@inproceedings{bartlett,
author = {Bartlett, Susan  and
      Kondrak, Grzegorz  and
      Cherry, Colin},
title={Automatic Syllabification with Structured SVMs for Letter-to-Phoneme Conversion},
year={2008},
booktitle={{ACL 2008, Proceedings of the 46th Annual Meeting of the Association for Computational Linguistics, June 15-20, 2008, Columbus, Ohio, USA}},
pages={568--576},
publisher={Association for Computational Linguistics},
}
