% Time-stamp: <2019-08-26 11:22:07 administrateur>
% Création : 2019-08-07T10:51:21+0200

@String{l3p = {The \LaTeX 3 Project Team}}

@Manual{expl3progr,
  author = 	 l3p,
  title = 	 {The expl3 package and \LaTeX 3 programming},
  type = 	 {manual},
  date = 	 {2019-07-25},
  language =  {english},
  pagetotal = 16}

@Manual{l3interfaces,
  author = 	 l3p,
  title = 	 {The \LaTeX 3 Interfaces},
  type = 	 {manual},
  date = 	 {2019-07-25},
  language =  {english},
  pagetotal = 299}

@Manual{source3,
  author = 	 l3p,
  title = 	 {The \LaTeX 3 Source},
  type = 	 {manual},
  date = 	 {2019-07-25},
  language =  {english},
  pagetotal = 1302}

@Manual{source2e,
  author = 	 {Braams, Johannes and
  Carlisle, David and
  Jeffrey, Alan and
  Lamport, Leslie and
  Mittelbach, Frank and 
  Rowley, Chris and
  Schöpf, Rainer},
  title = 	 {The \LaTeXe{} Source},
  type = 	 {manual},
  date = 	 {2019-07-25},
  language =  {english},
  pagetotal = 677}

@Manual{xparse,
  author = 	 l3p,
  title = 	 {The \Pkg{xparse} package, Document command parser},
  date = 	 {2019-05-28},
  language =  {english},
  pagetotal = 15}

@Book{tellechea,
  author = 	 {Tellechea,Christian},
  title = 	 {Apprendre à programmer en \TeX},
  date = 	 {2014-09-21},
  isbn = 	 {978-2-9548602-0-6}}

