%%% ====================================================================
%%%  BibTeX-file{
%%%     filename        = "dad-user-guide.bib",
%%%     version         = "1.1",
%%%     date            = "2014/10/11",
%%%     author          = "Yannis Haralambous",
%%%     copyright       = "This file is part of the dad package, released
%%%                        under the LPPL."
%%%     keywords        = "TeX, file header",
%%%     supported       = "yes",
%%%     abstract        = "This is the BIB file of the user's guide of the dad
%%%       system for typesetting in the Arabic language.",
%%%  }
%%% ====================================================================
%% This BibTeX bibliography file was created using BibDesk.
%% http://bibdesk.sourceforge.net/


%% Created for Yannis Haralambous at 2014-07-30 18:07:22 +0200 


%% Saved with string encoding Occidental (ASCII) 



@inproceedings{yharabic2,
	Author = {Haralambous, Yannis},
	Booktitle = {Proceedings of {Euro\TeX} '92},
	Date-Added = {2014-07-30 16:05:56 +0000},
	Date-Modified = {2014-07-30 16:06:56 +0000},
	Pages = {293--305},
	Publisher = {Czechoslovak \TeX\ Users Group},
	Title = {Towards the revival of traditional {A}rabic typography through {\TeX}},
	Year = {1992}}

@inproceedings{lagally,
	Author = {Lagally, Klaus},
	Booktitle = {Proceedings of {Euro\TeX} '92},
	Date-Added = {2014-07-30 16:00:23 +0000},
	Date-Modified = {2014-07-30 16:05:40 +0000},
	Pages = {153--172},
	Publisher = {Czechoslovak \TeX\ Users Group},
	Title = {Arab{\TeX} --- Typesetting {A}rabic with vowels and ligatures},
	Year = {1992}}

@book{lakh2,
	Address = {Rabat, Morocco},
	Author = {Lakhdar-Ghazal, Ahmed},
	Date-Added = {2014-07-30 15:55:34 +0000},
	Date-Modified = {2014-07-30 15:56:19 +0000},
	Publisher = {Institut d'\'etudes et de recherches pour l'arabisation},
	Title = {Pour apprendre et ma\^itriser la langue arabe},
	Year = {1991}}

@book{lakh1,
	Address = {Rabat, Morocco},
	Author = {Richert, Nicole},
	Date-Added = {2014-07-30 15:53:53 +0000},
	Date-Modified = {2014-07-30 15:55:32 +0000},
	Publisher = {Institut d'\'etudes et de recherches pour l'arabisation},
	Title = {Arabisation et technologie},
	Year = {1987}}

@article{deksmartlig,
	Author = {Knuth, Donald E.},
	Date-Added = {2014-07-30 15:49:36 +0000},
	Date-Modified = {2014-07-30 15:50:22 +0000},
	Journal = {TUGboat},
	Pages = {325--328},
	Title = {The new versions of {\TeX} and {\MF}},
	Volume = {10},
	Year = {1989}}

@article{yharabic,
	Author = {Haralambous, Yannis},
	Date-Added = {2014-07-30 15:46:40 +0000},
	Date-Modified = {2014-07-30 15:47:48 +0000},
	Journal = {TUGboat},
	Pages = {520--522},
	Title = {Arabic, {P}ersian and {O}ttoman {\TeX} for {Mac} and {PC}},
	Volume = {11},
	Year = {1990}}

@article{dekvf,
	Author = {Knuth, Donald E.},
	Date-Added = {2014-07-30 15:44:04 +0000},
	Date-Modified = {2014-07-30 15:45:53 +0000},
	Journal = {TUGboat},
	Pages = {13--23},
	Title = {Virtual fonts: more fun for grand wizards},
	Volume = {11},
	Year = {1990}}

@article{luatex,
	Author = {Hoekwater, Taco},
	Date-Added = {2014-07-30 15:39:58 +0000},
	Date-Modified = {2014-07-30 15:41:35 +0000},
	Journal = {TUGboat},
	Pages = {312--313},
	Title = {{Lua\TeX}},
	Volume = {28},
	Year = {2007}}

@article{pdftex,
	Author = {H{\`a}n, Th{\'e} Th{\`a}nh},
	Date-Added = {2014-07-30 15:35:36 +0000},
	Date-Modified = {2014-07-30 15:36:41 +0000},
	Journal = {Cahiers GUTenberg},
	Pages = {197--210},
	Title = {The {pdf\TeX} Program},
	Volume = {28--29},
	Year = {1998}}

@inproceedings{omega3,
	Author = {Haralambous, Yannis and Plaice, John},
	Booktitle = {{Electronic Publishing, Artistic Imaging, and Digital Typography}},
	Date-Added = {2014-07-30 15:32:38 +0000},
	Date-Modified = {2014-07-30 15:33:54 +0000},
	Publisher = {Springer},
	Series = {LNCS},
	Title = {The Design and Use of a Multiple-Alphabet Font with {$\Omega$}},
	Volume = {1375},
	Year = {1998}}

@inproceedings{omega2,
	Author = {Haralambous, Yannis and Plaice, John},
	Booktitle = {{Proceedings of the International Symposium on Multilingual Information Processing '97}},
	Date-Added = {2014-07-30 15:30:59 +0000},
	Date-Modified = {2014-07-30 15:33:43 +0000},
	Pages = {137--154},
	Publisher = {ETL, Tsukuba, Japan},
	Title = {Multilingual Typesetting with ${\Omega}$, a Case Study : {Arabic}},
	Year = {1997}}

@article{omega,
	Author = {Haralambous, Yannis and Plaice, John},
	Date-Added = {2014-07-30 15:28:46 +0000},
	Date-Modified = {2014-07-30 15:30:25 +0000},
	Journal = {TUGboat},
	Pages = {344--352},
	Title = {First Applications of {$\Omega$} : {Adobe Poetica, Arabic, Greek, Khmer}},
	Volume = {15},
	Year = {1994}}

@book{livre,
	Author = {Haralambous, Yannis},
	Date-Added = {2014-07-30 15:23:12 +0000},
	Date-Modified = {2014-07-30 15:23:50 +0000},
	Publisher = {O'Reilly},
	Title = {Fonts \& {E}ncodings},
	Year = {2007}}

@article{xetex,
	Author = {Kew, Jonathan},
	Date-Added = {2014-07-30 15:20:37 +0000},
	Date-Modified = {2014-07-30 15:21:45 +0000},
	Journal = {TUGboat},
	Pages = {115--124},
	Title = {{\XeTeX}, the Multilingual Lion: {\TeX} meets {U}nicode and smart font technologies},
	Volume = {26},
	Year = {2005}}

@unpublished{writelatex,
	Author = {Hammersley, John and Lees-Miller, John and others},
	Date-Added = {2014-07-30 15:16:36 +0000},
	Date-Modified = {2014-07-30 15:19:03 +0000},
	Note = {\url{http://www.writelatex.com}},
	Title = {The {write\LaTeX} online collaborative {\LaTeX} editor}}

@unpublished{ieee,
	Author = {Shell, Michael},
	Date-Added = {2014-07-30 15:14:54 +0000},
	Date-Modified = {2014-07-30 15:16:15 +0000},
	Note = {\url{http://www.ieee.org/documents/LaTeX_letter5March2007.pdf}},
	Title = {{IEEEtran \LaTeX} class},
	Year = {2007}}

@unpublished{citala,
	Author = {Haralambous, Yannis and Lenca, Philippe and Lazrek, Azzeddine},
	Date-Added = {2014-07-30 15:13:16 +0000},
	Date-Modified = {2014-07-30 15:14:38 +0000},
	Note = {submitted to \emph{CITALA 2014}},
	Title = {Arabic text classification using association rules, dependency relations and hyperonymization}}
    
@book{learn,
author={Mace, John},
title={Arabic verbs and essential grammar},
publisher={Teach yourself books},
year={1999}}

@book{learn2,
author={Smart, John R.},
title={Arabic},
publisher={Teach yourself books},
year={1986}}

@book{syed,
author={Syed, Barakat Ahmad},
title={Introduction to {Q}uranic script},
publisher={Curzon Press},
year={1984}}

@article{tugboat,
author={Haralambous, Yannis},
title={A simple Arabic typesetting system for mixed Latin/Arabic alphabet documents: \emph{\d{d}\=ad}},
year={2014},
journal={TUGboat},
volume = {35},
number = {3}
}

@unpublished{agl,
author={{Adobe Systems}},
title={Adobe Glyph List},
year={2002},
note={\url{http://partners.adobe.com/public/developer/en/opentype/glyphlist.txt}}}

@unpublished{oum,
author={\mbox{\arab{sAHrAlbsmt*}}},
title={{\arab{Am klcUm klmAt ARAnY kUkb Alshrq AlsYd-h Am klcUm mUsU`h kAmlh}}},
year={2008},
note={\url{http://alsabbah.yoo7.com/t417-topic}}
}

@book{ryding2014,
	Address = {Cambridge},
	Author = {Ryding, Karin C.},
	Publisher = {Cambridge University Press},
	Title = {Arabic. A linguistic introduction},
       Isbn = {978-1-107-02331},
	Year = {2014}}
