@BOOK
{
	the-latex-companion ,
	AUTHOR		= "Frank Mittelbach and Michel Goossens" ,
	TITLE		= "The {\LaTeX} Companion" ,
	SERIES		= "Tools and Techniques for Computer Typesetting" ,
	PUBLISHER	= "Addison-Wesley" ,
	EDITION		= "Second" ,
	YEAR		= 2004 ,
	ISBN		= "0-201-36299-6" ,
	URL		= "http://www.informit.com/store/product.aspx?isbn=0201362996" ,
	ANNOTE		= "Le compagnon indispensable de toute personne désirant utiliser {\LaTeX} à son plein potentiel. Ce livre décrit de très nombreuses extensions et astuces permettant de réaliser des documents correspondant exactement à vos attentes." ,
	ANNOTELANGUAGE	= "french" ,
	LANGUAGE	= "english" ,
}

@BOOK
{
	the-latex-companion-fr ,
	AUTHOR		= "Frank Mittelbach and Michel Goossens" ,
	TITLE		= "{\LaTeX} Companion" ,
	PUBLISHER	= "Pearson Education" ,
	EDITION		= "Deuxième" ,
	MONTH		= fev ,
	YEAR		= 2006 ,
	ISBN		= "2-7440-7182-X" ,
	URL		= "http://www.pearson.fr/livre/?GCOI=27440100048330" ,
	ANNOTE		= "Traduction française de {\emph{The \LaTeX\ Companion}}." ,
	ANNOTELANGUAGE	= "french" ,
	LANGUAGE	= "french" ,
}

@BOOK
{
	the-latex-graphics-companion ,
	AUTHOR		= "Michel Goossens and Frank Mittelbach and Sebastian Rahtz and Denis Roegel and Herbert Vo\ss" ,
	TITLE		= "The {\LaTeX} Graphics Companion" ,
	SERIES		= "Tools and Techniques for Computer Typesetting" ,
	PUBLISHER	= "Addison-Wesley" ,
	EDITION		= "Second" ,
	YEAR		= 2008 ,
	ISBN		= "0-321-50892-0" ,
	URL		= "http://www.informit.com/store/product.aspx?isbn=0321508920" ,
	LANGUAGE	= "english" ,
}

@BOOK
{
	the-latex-web-companion ,
	AUTHOR		= "Michel Goossens and Sebastian Rahtz" ,
	TITLE		= "The {\LaTeX} Web Companion: Integrating {\TeX}, HTML, and XML" ,
	SERIES		= "Tools and Techniques for Computer Typesetting" ,
	PUBLISHER	= "Addison-Wesley" ,
	YEAR		= 1999 ,
	ISBN		= "0-201-43311-7" ,
	URL		= "http://www.informit.com/store/product.aspx?isbn=0201433117" ,
	LANGUAGE	= "english" ,
}

@BOOK
{
	latex-a-200 ,
	AUTHOR		= "Tanguy Ortolo and Jeanne Legrand" ,
	TITLE		= "{\LaTeX} à 200 \%" ,
	PUBLISHER	= "O'Reilly" ,
	MONTH		= nov ,
	YEAR		= 2006 ,
	ISBN		= "2-84177-270-5" ,
	LANGUAGE	= "french" ,
}

@BOOK
{
	typesetting-mathematics-with-latex ,
	AUTHOR		= "Herbert Voss" ,
	TITLE		= "Typesetting mathematics with {\LaTeX}" ,
	PUBLISHER	= "UIT Cambridge" ,
	MONTH		= sep ,
	YEAR		= 2009 ,
	URL		= "http://www.uit.co.uk/content/typesetting-mathematics-latex" ,
	LANGUAGE	= "english" ,
}

@BOOK
{
	typesetting-tables-with-latex ,
	AUTHOR		= "Herbert Voss" ,
	TITLE		= "Typesetting tables with {\LaTeX}" ,
	PUBLISHER	= "UIT Cambridge" ,
	MONTH		= sep ,
	YEAR		= 2009 ,
	URL		= "http://www.uit.co.uk/content/typesetting-tables-latex" ,
	LANGUAGE	= "english" ,
}
