@MANUAL
{
	the-tikz-and-pgf-packages ,
	AUTHOR		= "Till Tantau" ,
	TITLE		= "The {\TikZ} and {\PGF} Packages" ,
	MONTH		= feb ,
	YEAR		= 2008 ,
	URL		= "http://mirror.ctan.org/graphics/pgf/base/doc/generic/pgf/pgfmanual.pdf" ,
	ANNOTE		= "La documentation officielle de {\TikZ}." ,
	ANNOTELANGUAGE	= "french" ,
	LANGUAGE	= "english" ,
}

@MANUAL
{
	tikz-pour-l-impatient ,
	AUTHOR		= "Gérard Tisseau and Jacques Duma" ,
	TITLE		= "{\TikZ} pour l'impatient" ,
	MONTH		= nov ,
	YEAR		= 2009 ,
	URL		= "http://math.et.info.free.fr/TikZ/" ,
	ANNOTE		= "Excellente documentation d'introduction à {\TikZ}, en français." ,
	ANNOTELANGUAGE	= "french" ,
	LANGUAGE	= "french" ,
}

@MANUAL
{
	manual-for-package-pgfplots ,
	AUTHOR		= "Christian Feuersänger" ,
	TITLE		= "Manual for Package {\PGFPlots}" ,
	MONTH		= jan ,
	YEAR		= 2010 ,
	URL		= "http://pgfplots.sourceforge.net/pgfplots.pdf" ,
	ANNOTE		= "La documentation officielle de {\PGFPlots}." ,
	ANNOTELANGUAGE	= "french" ,
	LANGUAGE	= "english" ,
}
