@MANUAL
{
	lexique-des-regles-typographiques ,
	TITLE		= "Lexique des règles typographiques en usage à l'Imprimerie nationale" ,
	ORGANIZATION	= "Imprimerie nationale" ,
	EDITION		= "Troisième" ,
	YEAR		= 2002 ,
	ISBN		= "978-2-7433-0482-9" ,
	ANNOTE		= "L'ouvrage de référence sur la typographie française. À toujours avoir à portée de main." ,
	ANNOTELANGUAGE	= "french" ,
	LANGUAGE	= "french" ,
}

@BOOK
{
	regles-de-l-ecriture-typographique-du-francais ,
	AUTHOR		= "Yves Perrousseaux" ,
	TITLE		= "Règles de l'écriture typographique du français" ,
	PUBLISHER	= "Atelier Perrousseaux éditeur" ,
	EDITION		= "Neuvième" ,
	YEAR		= 2009 ,
	ISBN		= "978-2-911220-028-9" ,
	URL		= "http://newsletter.perrousseaux.com/01/" ,
	LANGUAGE	= "french" ,
}

@BOOKLET
{
	orthotypographie ,
	AUTHOR		= "Jean-Pierre Lacroux" ,
	TITLE		= "Orthotypographie, {O}rthographe \& {T}ypographie françaises, {D}ictionnaire raisonné" ,
	YEAR		= 2007 ,
	URL		= "http://www.orthotypographie.fr/" ,
	LANGUAGE	= "french" ,
}

@MANUAL
{
	the-chicago-manual-of-style ,
	TITLE		= "The Chicago Manual of Style" ,
	ORGANIZATION	= "University of Chicago Press" ,
	EDITION		= "Fifteenth" ,
	YEAR		= 2003 ,
	ISBN		= "0226104036" ,
	URL		= "http://www.chicagomanualofstyle.org/" ,
	ANNOTE		= "L'ouvrage de référence sur la typographie de l'anglais américain." ,
	ANNOTELANGUAGE	= "french" ,
	LANGUAGE	= "english" ,
}

@BOOK
{
	qu-est-ce-qu-un-livre ,
	AUTHOR		= "Madeleine Sauvé" ,
	TITLE		= "Qu'est-ce qu'un livre ?" ,
	SUBTITLE	= "De la page blanche à l'achevé d'imprimer" ,
	PUBLISHER	= "Éditions Fides" ,
	YEAR		= 2006 ,
	ISBN		= "2-7621-2614-2" ,
	URL		= "http://www.editionsfides.com/livre.php?id=157" ,
	LANGUAGE	= "french" ,
}
